@article{Ford:2018:RWR:3243157.3243167,
 author = {Ford, Mat and Eggert, Lars},
 title = {Report on the Workshop on Research and Applications of Internet Measurements (RAIM)},
 journal = {SIGCOMM Comput. Commun. Rev.},
 issue_date = {July 2016},
 volume = {46},
 number = {3},
 month = jul,
 year = {2018},
 issn = {0146-4833},
 pages = {10:1--10:4},
 articleno = {10},
 numpages = {4},
 url = {http://doi.acm.org/10.1145/3243157.3243167},
 doi = {10.1145/3243157.3243167},
 acmid = {3243167},
 publisher = {ACM},
 address = {New York, NY, USA},
} 

@ARTICLE{7076582, 
	author={V. {Bajpai} and J. {Schönwälder}}, 
	journal={IEEE Communications Surveys Tutorials}, 
	title={A Survey on Internet Performance Measurement Platforms and Related Standardization Efforts}, 
	year={2015}, 
	volume={17}, 
	number={3}, 
	pages={1313-1341}, 
	keywords={computer network performance evaluation;Internet;telecommunication standards;Internet performance measurement platforms;standardization efforts;strategic locations;access network;backbone network;residential gateway;Probes;Extraterrestrial measurements;Broadband communication;Internet;Servers;Wireless communication;measurements;platforms;broadband;fixed-line;mobile;metrics;measurement-tools;standardization;Measurements;platforms;broadband;fixed-line;mobile;metrics;measurement-tools;standardization}, 
	doi={10.1109/COMST.2015.2418435}, 
	ISSN={1553-877X}, 
	month={thirdquarter},}

@inproceedings{Dhawan:2012:FBN:2398776.2398786,
	author = {Dhawan, Mohan and Samuel, Justin and Teixeira, Renata and Kreibich, Christian and Allman, Mark and Weaver, Nicholas and Paxson, Vern},
	title = {Fathom: A Browser-based Network Measurement Platform},
	booktitle = {Proceedings of the 2012 Internet Measurement Conference},
	series = {IMC '12},
	year = {2012},
	isbn = {978-1-4503-1705-4},
	location = {Boston, Massachusetts, USA},
	pages = {73--86},
	numpages = {14},
	url = {http://doi.acm.org/10.1145/2398776.2398786},
	doi = {10.1145/2398776.2398786},
	acmid = {2398786},
	publisher = {ACM},
	address = {New York, NY, USA},
	keywords = {browser extension, end-host network measurement, network performance, network troubleshooting, web browser},
}

@ARTICLE{5430142, 
	author={M. {Fiedler} and T. {Hossfeld} and P. {Tran-Gia}}, 
	journal={IEEE Network}, 
	title={A generic quantitative relationship between quality of experience and quality of service}, 
	year={2010}, 
	volume={24}, 
	number={2}, 
	pages={36-41}, 
	keywords={Internet;media streaming;quality of service;generic quantitative relationship;quality of experience;quality of service;user perception;application expectations;network performance;quantitative relationships;QoE control mechanisms;measurable QoS parameters;exponential relationship;IQX hypothesis;streaming services;mean opinion scores;jitter;Web surfing;Quality of service;Testing;Jitter;Throughput;Monitoring;Delay effects;Image quality;Timing;Distortion measurement;Laboratories}, 
	doi={10.1109/MNET.2010.5430142}, 
	ISSN={0890-8044}, 
	month={March},}